@ARTICLE{Luger2021,
       author = { {Luger}, Rodrigo and {Bedell}, Megan and {Foreman-Mackey}, Daniel and {Crossfield}, Ian J.~M. and {Zhao}, Lily L. and {Hogg}, David W.},
        title = "{Mapping stellar surfaces III: An Efficient, Scalable, and Open-Source Doppler Imaging Model}",
      journal = {arXiv e-prints},
     keywords = {Astrophysics - Solar and Stellar Astrophysics, Astrophysics - Earth and Planetary Astrophysics, Astrophysics - Instrumentation and Methods for Astrophysics},
         year = 2021,
        month = oct,
          eid = {arXiv:2110.06271},
        pages = {arXiv:2110.06271},
archivePrefix = {arXiv},
       eprint = {2110.06271},
 primaryClass = {astro-ph.SR},
       adsurl = {https://ui.adsabs.harvard.edu/abs/2021arXiv211006271L},
      adsnote = {Provided by the SAO/NASA Astrophysics Data System}
}

@ARTICLE{Liebing2021,
       author = {{Liebing}, F. and {Jeffers}, S.~V. and {Reiners}, A. and {Zechmeister}, M.},
        title = "{Convective blueshift strengths of 810 F to M solar-type stars}",
      journal = {arXiv e-prints},
     keywords = {Astrophysics - Solar and Stellar Astrophysics},
         year = 2021,
        month = aug,
          eid = {arXiv:2108.03859},
        pages = {arXiv:2108.03859},
archivePrefix = {arXiv},
       eprint = {2108.03859},
 primaryClass = {astro-ph.SR},
       adsurl = {https://ui.adsabs.harvard.edu/abs/2021arXiv210803859L},
      adsnote = {Provided by the SAO/NASA Astrophysics Data System}
}

@ARTICLE{Dravins2021,
       author = {{Dravins}, Dainis and {Ludwig}, Hans-G{\"u}nter and {Freytag}, Bernd},
        title = "{Spatially resolved spectroscopy across stellar surfaces. IV. F, G, and K-stars: Synthetic 3D spectra at hyper-high resolution}",
      journal = {\aap},
     keywords = {stars: atmospheres, stars: solar-type, techniques: spectroscopic, methods: observational, line: profiles, techniques: radial velocities, Astrophysics - Solar and Stellar Astrophysics, Astrophysics - Earth and Planetary Astrophysics, Astrophysics - Instrumentation and Methods for Astrophysics},
         year = 2021,
        month = may,
       volume = {649},
          eid = {A16},
        pages = {A16},
          doi = {10.1051/0004-6361/202039995},
archivePrefix = {arXiv},
       eprint = {2103.03880},
 primaryClass = {astro-ph.SR},
       adsurl = {https://ui.adsabs.harvard.edu/abs/2021A&A...649A..16D},
      adsnote = {Provided by the SAO/NASA Astrophysics Data System}
}

@ARTICLE{Meunier2021,
       author = {{Meunier}, Nad{\`e}ge},
        title = "{Stellar variability in radial velocity}",
      journal = {arXiv e-prints},
     keywords = {Astrophysics - Solar and Stellar Astrophysics, Astrophysics - Earth and Planetary Astrophysics},
         year = 2021,
        month = apr,
          eid = {arXiv:2104.06072},
        pages = {arXiv:2104.06072},
archivePrefix = {arXiv},
       eprint = {2104.06072},
 primaryClass = {astro-ph.SR},
       adsurl = {https://ui.adsabs.harvard.edu/abs/2021arXiv210406072M},
      adsnote = {Provided by the SAO/NASA Astrophysics Data System}
}

@ARTICLE{Gupta2021,
       author = {{Gupta}, Arvind F. and {Wright}, Jason T. and {Robertson}, Paul and {Halverson}, Samuel and {Luhn}, Jacob and {Roy}, Arpita and {Mahadevan}, Suvrath and {Ford}, Eric B. and {Bender}, Chad F. and {Blake}, Cullen H. and {Hearty}, Fred and {Kanodia}, Shubham and {Logsdon}, Sarah E. and {McElwain}, Michael W. and {Monson}, Andrew and {Ninan}, Joe P. and {Schwab}, Christian and {Stef{\'a}nsson}, Gu{\dh}mundur and {Terrien}, Ryan C.},
        title = "{Target Prioritization and Observing Strategies for the NEID Earth Twin Survey}",
      journal = {\aj},
     keywords = {Exoplanets, Radial velocity, Exoplanet detection methods, Stellar properties, Surveys, 498, 1332, 489, 1624, 1671, Astrophysics - Earth and Planetary Astrophysics, Astrophysics - Instrumentation and Methods for Astrophysics, Astrophysics - Solar and Stellar Astrophysics},
         year = 2021,
        month = mar,
       volume = {161},
       number = {3},
          eid = {130},
        pages = {130},
          doi = {10.3847/1538-3881/abd79e},
archivePrefix = {arXiv},
       eprint = {2101.11689},
 primaryClass = {astro-ph.EP},
       adsurl = {https://ui.adsabs.harvard.edu/abs/2021AJ....161..130G},
      adsnote = {Provided by the SAO/NASA Astrophysics Data System}
}

@ARTICLE{Meunier2020a,
       author = {{Meunier}, N. and {Lagrange}, A. -M.},
        title = "{The effects of granulation and supergranulation on Earth-mass planet detectability in the habitable zone around F6-K4 stars}",
      journal = {\aap},
     keywords = {convection, techniques: radial velocities, stars: activity, stars: solar-type, Sun: granulation, planetary systems, Astrophysics - Solar and Stellar Astrophysics, Astrophysics - Earth and Planetary Astrophysics},
         year = 2020,
        month = oct,
       volume = {642},
          eid = {A157},
        pages = {A157},
          doi = {10.1051/0004-6361/202038376},
archivePrefix = {arXiv},
       eprint = {2008.11952},
 primaryClass = {astro-ph.SR},
       adsurl = {https://ui.adsabs.harvard.edu/abs/2020A&A...642A.157M},
      adsnote = {Provided by the SAO/NASA Astrophysics Data System}
}

@ARTICLE{Meunier2020b,
       author = {{Meunier}, N. and {Lagrange}, A. -M.},
        title = "{Radial-velocity variations due to meridional flows in the Sun and solar-type stars: impact on exoplanet detectability}",
      journal = {\aap},
     keywords = {Sun: activity, Sun: photosphere, techniques: radial velocities, stars: kinematics and dynamics, stars: activity, planetary systems, Astrophysics - Solar and Stellar Astrophysics, Astrophysics - Earth and Planetary Astrophysics},
         year = 2020,
        month = jun,
       volume = {638},
          eid = {A54},
        pages = {A54},
          doi = {10.1051/0004-6361/201937354},
archivePrefix = {arXiv},
       eprint = {2004.10611},
 primaryClass = {astro-ph.SR},
       adsurl = {https://ui.adsabs.harvard.edu/abs/2020A&A...638A..54M},
      adsnote = {Provided by the SAO/NASA Astrophysics Data System}
}

@ARTICLE{Luhn2020,
       author = {{Luhn}, Jacob K. and {Wright}, Jason T. and {Howard}, Andrew W. and {Isaacson}, Howard},
        title = "{Astrophysical Insights into Radial Velocity Jitter from an Analysis of 600 Planet-search Stars}",
      journal = {\aj},
     keywords = {1332, 486, 1583, 1619, 489, Astrophysics - Earth and Planetary Astrophysics, Astrophysics - Solar and Stellar Astrophysics},
         year = 2020,
        month = may,
       volume = {159},
       number = {5},
          eid = {235},
        pages = {235},
          doi = {10.3847/1538-3881/ab855a},
archivePrefix = {arXiv},
       eprint = {2004.13734},
 primaryClass = {astro-ph.EP},
       adsurl = {https://ui.adsabs.harvard.edu/abs/2020AJ....159..235L},
      adsnote = {Provided by the SAO/NASA Astrophysics Data System}
}

@ARTICLE{Gilbertson2020,
       author = {{Gilbertson}, Christian and {Ford}, Eric B. and {Dumusque}, Xavier},
        title = "{Toward Extremely Precise Radial Velocities. I. Simulated Solar Spectra for Testing Exoplanet Detection Algorithms}",
      journal = {Research Notes of the American Astronomical Society},
     keywords = {Astrophysics - Instrumentation and Methods for Astrophysics, Astrophysics - Earth and Planetary Astrophysics, Astrophysics - Solar and Stellar Astrophysics},
         year = 2020,
        month = apr,
       volume = {4},
       number = {4},
          eid = {59},
        pages = {59},
          doi = {10.3847/2515-5172/ab8d44},
archivePrefix = {arXiv},
       eprint = {2005.01489},
 primaryClass = {astro-ph.IM},
       adsurl = {https://ui.adsabs.harvard.edu/abs/2020RNAAS...4...59G},
      adsnote = {Provided by the SAO/NASA Astrophysics Data System}
}

@ARTICLE{Sulis2020,
       author = {{Sulis}, S. and {Mary}, D. and {Bigot}, L.},
        title = "{3D magneto-hydrodynamical simulations of stellar convective noise for improved exoplanet detection. I. Case of regularly sampled radial velocity observations}",
      journal = {\aap},
     keywords = {techniques: radial velocities, Sun: granulation, planets and satellites: detection, methods: statistical, Astrophysics - Earth and Planetary Astrophysics, Astrophysics - Instrumentation and Methods for Astrophysics, Astrophysics - Solar and Stellar Astrophysics},
         year = 2020,
        month = mar,
       volume = {635},
          eid = {A146},
        pages = {A146},
          doi = {10.1051/0004-6361/201937105},
archivePrefix = {arXiv},
       eprint = {2002.07457},
 primaryClass = {astro-ph.EP},
       adsurl = {https://ui.adsabs.harvard.edu/abs/2020A&A...635A.146S},
      adsnote = {Provided by the SAO/NASA Astrophysics Data System}
}

@ARTICLE{Baker2020,
       author = {{Baker}, Ashley D. and {Blake}, Cullen H. and {Reiners}, Ansgar},
        title = "{The IAG Solar Flux Atlas: Telluric Correction with a Semiempirical Model}",
      journal = {\apjs},
     keywords = {1858, 437, 1965, 1332, 113, 1693, Astrophysics - Instrumentation and Methods for Astrophysics, Astrophysics - Solar and Stellar Astrophysics},
         year = 2020,
        month = mar,
       volume = {247},
       number = {1},
          eid = {24},
        pages = {24},
          doi = {10.3847/1538-4365/ab6a1c},
archivePrefix = {arXiv},
       eprint = {2001.02615},
 primaryClass = {astro-ph.IM},
       adsurl = {https://ui.adsabs.harvard.edu/abs/2020ApJS..247...24B},
      adsnote = {Provided by the SAO/NASA Astrophysics Data System}
}

@ARTICLE{Bedell2019,
       author = {{Bedell}, Megan and {Hogg}, David W. and {Foreman-Mackey}, Daniel and {Montet}, Benjamin T. and {Luger}, Rodrigo},
        title = "{WOBBLE: A Data-driven Analysis Technique for Time-series Stellar Spectra}",
      journal = {\aj},
     keywords = {atmospheric effects, methods: data analysis, planets and satellites: detection, stars: individual: 51 Pegasi, Barnard's Star, HD 189733, techniques: radial velocities, Astrophysics - Instrumentation and Methods for Astrophysics, Astrophysics - Earth and Planetary Astrophysics, Astrophysics - Solar and Stellar Astrophysics},
         year = 2019,
        month = oct,
       volume = {158},
       number = {4},
          eid = {164},
        pages = {164},
          doi = {10.3847/1538-3881/ab40a7},
archivePrefix = {arXiv},
       eprint = {1901.00503},
 primaryClass = {astro-ph.IM},
       adsurl = {https://ui.adsabs.harvard.edu/abs/2019AJ....158..164B},
      adsnote = {Provided by the SAO/NASA Astrophysics Data System}
}

@ARTICLE{CollierCameron2019,
       author = {{Collier Cameron}, A. and {Mortier}, A. and {Phillips}, D. and {Dumusque}, X. and {Haywood}, R.~D. and {Langellier}, N. and {Watson}, C.~A. and {Cegla}, H.~M. and {Costes}, J. and {Charbonneau}, D. and {Coffinet}, A. and {Latham}, D.~W. and {Lopez-Morales}, M. and {Malavolta}, L. and {Maldonado}, J. and {Micela}, G. and {Milbourne}, T. and {Molinari}, E. and {Saar}, S.~H. and {Thompson}, S. and {Buchschacher}, N. and {Cecconi}, M. and {Cosentino}, R. and {Ghedina}, A. and {Glenday}, A. and {Gonzalez}, M. and {Li}, C. -H. and {Lodi}, M. and {Lovis}, C. and {Pepe}, F. and {Poretti}, E. and {Rice}, K. and {Sasselov}, D. and {Sozzetti}, A. and {Szentgyorgyi}, A. and {Udry}, S. and {Walsworth}, R.},
        title = "{Three years of Sun-as-a-star radial-velocity observations on the approach to solar minimum}",
      journal = {\mnras},
     keywords = {techniques: radial velocities, Sun: activity, Sun: faculae, plages, Sun:granulation, sunspots, planets and satellites: detection, Astrophysics - Solar and Stellar Astrophysics, Astrophysics - Earth and Planetary Astrophysics},
         year = 2019,
        month = jul,
       volume = {487},
       number = {1},
        pages = {1082-1100},
          doi = {10.1093/mnras/stz1215},
archivePrefix = {arXiv},
       eprint = {1904.12186},
 primaryClass = {astro-ph.SR},
       adsurl = {https://ui.adsabs.harvard.edu/abs/2019MNRAS.487.1082C},
      adsnote = {Provided by the SAO/NASA Astrophysics Data System}
}

@ARTICLE{Cegla2019a,
       author = {{Cegla}, H.~M. and {Watson}, C.~A. and {Shelyag}, S. and {Mathioudakis}, M. and {Moutari}, S.},
        title = "{Stellar Surface Magnetoconvection as a Source of Astrophysical Noise. III. Sun-as-a-Star Simulations and Optimal Noise Diagnostics}",
      journal = {\apj},
     keywords = {line: profiles, planets and satellites: detection, stars: activity, stars: low-mass, Sun: granulation, techniques: radial velocities, Astrophysics - Earth and Planetary Astrophysics, Astrophysics - Solar and Stellar Astrophysics},
         year = 2019,
        month = jul,
       volume = {879},
       number = {1},
          eid = {55},
        pages = {55},
          doi = {10.3847/1538-4357/ab16d3},
archivePrefix = {arXiv},
       eprint = {1903.08446},
 primaryClass = {astro-ph.EP},
       adsurl = {https://ui.adsabs.harvard.edu/abs/2019ApJ...879...55C},
      adsnote = {Provided by the SAO/NASA Astrophysics Data System}
}

@ARTICLE{Meunier2019,
       author = {{Meunier}, N. and {Lagrange}, A. -M.},
        title = "{Unexpectedly strong effect of supergranulation on the detectability of Earth twins orbiting Sun-like stars with radial velocities}",
      journal = {\aap},
     keywords = {convection, techniques: radial velocities, stars: activity, stars: solar-type, Sun: granulation, Astrophysics - Earth and Planetary Astrophysics, Astrophysics - Solar and Stellar Astrophysics},
         year = 2019,
        month = may,
       volume = {625},
          eid = {L6},
        pages = {L6},
          doi = {10.1051/0004-6361/201935099},
archivePrefix = {arXiv},
       eprint = {1904.09089},
 primaryClass = {astro-ph.EP},
       adsurl = {https://ui.adsabs.harvard.edu/abs/2019A&A...625L...6M},
      adsnote = {Provided by the SAO/NASA Astrophysics Data System}
}

@ARTICLE{Chaplin2019,
       author = {{Chaplin}, W.~J. and {Cegla}, H.~M. and {Watson}, C.~A. and {Davies}, G.~R. and {Ball}, W.~H.},
        title = "{Filtering Solar-Like Oscillations for Exoplanet Detection in Radial Velocity Observations}",
      journal = {\aj},
     keywords = {planets and satellites: detection, stars: low-mass, stars: oscillations, Astrophysics - Solar and Stellar Astrophysics, Astrophysics - Earth and Planetary Astrophysics},
         year = 2019,
        month = apr,
       volume = {157},
       number = {4},
          eid = {163},
        pages = {163},
          doi = {10.3847/1538-3881/ab0c01},
archivePrefix = {arXiv},
       eprint = {1903.00657},
 primaryClass = {astro-ph.SR},
       adsurl = {https://ui.adsabs.harvard.edu/abs/2019AJ....157..163C},
      adsnote = {Provided by the SAO/NASA Astrophysics Data System}
}

@ARTICLE{Lohner-Bottcher2019,
       author = {{L{\"o}hner-B{\"o}ttcher}, J. and {Schmidt}, W. and {Schlichenmaier}, R. and {Steinmetz}, T. and {Holzwarth}, R.},
        title = "{Convective blueshifts in the solar atmosphere. III. High-accuracy observations of spectral lines in the visible}",
      journal = {\aap},
     keywords = {convection, Sun: atmosphere, Sun: activity, methods: observational, techniques: spectroscopic, line: profiles, Astrophysics - Solar and Stellar Astrophysics},
         year = 2019,
        month = apr,
       volume = {624},
          eid = {A57},
        pages = {A57},
          doi = {10.1051/0004-6361/201834925},
archivePrefix = {arXiv},
       eprint = {1901.07606},
 primaryClass = {astro-ph.SR},
       adsurl = {https://ui.adsabs.harvard.edu/abs/2019A&A...624A..57L},
      adsnote = {Provided by the SAO/NASA Astrophysics Data System}
}

@ARTICLE{Milbourne2019,
       author = {{Milbourne}, T.~W. and {Haywood}, R.~D. and {Phillips}, D.~F. and {Saar}, S.~H. and {Cegla}, H.~M. and {Cameron}, A.~C. and {Costes}, J. and {Dumusque}, X. and {Langellier}, N. and {Latham}, D.~W. and {Maldonado}, J. and {Malavolta}, L. and {Mortier}, A. and {Palumbo}, M.~L., III and {Thompson}, S. and {Watson}, C.~A. and {Bouchy}, F. and {Buchschacher}, N. and {Cecconi}, M. and {Charbonneau}, D. and {Cosentino}, R. and {Ghedina}, A. and {Glenday}, A.~G. and {Gonzalez}, M. and {Li}, C. -H. and {Lodi}, M. and {L{\'o}pez-Morales}, M. and {Lovis}, C. and {Mayor}, M. and {Micela}, G. and {Molinari}, E. and {Pepe}, F. and {Piotto}, G. and {Rice}, K. and {Sasselov}, D. and {S{\'e}gransan}, D. and {Sozzetti}, A. and {Szentgyorgyi}, A. and {Udry}, S. and {Walsworth}, R.~L.},
        title = "{HARPS-N Solar RVs Are Dominated by Large, Bright Magnetic Regions}",
      journal = {\apj},
     keywords = {planets and satellites: detection, Sun: activity, Sun: faculae, plages, Sun: granulation, sunspots, techniques: radial velocities, Astrophysics - Solar and Stellar Astrophysics},
         year = 2019,
        month = mar,
       volume = {874},
       number = {1},
          eid = {107},
        pages = {107},
          doi = {10.3847/1538-4357/ab064a},
archivePrefix = {arXiv},
       eprint = {1902.04184},
 primaryClass = {astro-ph.SR},
       adsurl = {https://ui.adsabs.harvard.edu/abs/2019ApJ...874..107M},
      adsnote = {Provided by the SAO/NASA Astrophysics Data System}
}

@ARTICLE{Cegla2019b,
       author = {{Cegla}, H.},
        title = "{The Impact of Stellar Surface Magnetoconvection and Oscillations on the Detection of Temperate, Earth-Mass Planets Around Sun-Like Stars}",
      journal = {Geosciences},
     keywords = {Astrophysics - Earth and Planetary Astrophysics, Astrophysics - Solar and Stellar Astrophysics},
         year = 2019,
        month = mar,
       volume = {9},
       number = {3},
        pages = {114},
          doi = {10.3390/geosciences9030114},
archivePrefix = {arXiv},
       eprint = {1904.03200},
 primaryClass = {astro-ph.EP},
       adsurl = {https://ui.adsabs.harvard.edu/abs/2019Geosc...9..114C},
      adsnote = {Provided by the SAO/NASA Astrophysics Data System}
}

@ARTICLE{Stief2019,
       author = {{Stief}, F. and {L{\"o}hner-B{\"o}ttcher}, J. and {Schmidt}, W. and {Steinmetz}, T. and {Holzwarth}, R.},
        title = "{Convective blueshifts in the solar atmosphere. II. High-accuracy observations of the Fe I 6173.3 {\r{A}} line and deviations of full-disk Dopplergrams}",
      journal = {\aap},
     keywords = {convection, Sun: atmosphere, Sun: activity, methods: observational, techniques: spectroscopic, line: profiles, Astrophysics - Solar and Stellar Astrophysics},
         year = 2019,
        month = feb,
       volume = {622},
          eid = {A34},
        pages = {A34},
          doi = {10.1051/0004-6361/201834538},
archivePrefix = {arXiv},
       eprint = {1811.08685},
 primaryClass = {astro-ph.SR},
       adsurl = {https://ui.adsabs.harvard.edu/abs/2019A&A...622A..34S},
      adsnote = {Provided by the SAO/NASA Astrophysics Data System}
}

@ARTICLE{Wright2019,
       author = {{Wright}, Jason T.},
        title = "{The 1D Relativistic Doppler Formula Is an Incorrect Approximation in Precise Radial Velocity Work}",
      journal = {Research Notes of the American Astronomical Society},
     keywords = {Astrophysics - Instrumentation and Methods for Astrophysics, Astrophysics - Solar and Stellar Astrophysics},
         year = 2019,
        month = jan,
       volume = {3},
       number = {1},
          eid = {6},
        pages = {6},
          doi = {10.3847/2515-5172/aafc30},
archivePrefix = {arXiv},
       eprint = {1812.06748},
 primaryClass = {astro-ph.IM},
       adsurl = {https://ui.adsabs.harvard.edu/abs/2019RNAAS...3....6W},
      adsnote = {Provided by the SAO/NASA Astrophysics Data System}
}

@ARTICLE{Fairbrother2018,
       author = {{Fairbrother}, Jamie and {Nemeth}, Christopher and {Rischard}, Maxime and {Brea}, Johanni and {Pinder}, Thomas},
        title = "{GaussianProcesses.jl: A Nonparametric Bayes package for the Julia Language}",
      journal = {arXiv e-prints},
     keywords = {Statistics - Computation, Statistics - Machine Learning},
         year = 2018,
        month = dec,
          eid = {arXiv:1812.09064},
        pages = {arXiv:1812.09064},
archivePrefix = {arXiv},
       eprint = {1812.09064},
 primaryClass = {stat.CO},
       adsurl = {https://ui.adsabs.harvard.edu/abs/2018arXiv181209064F},
      adsnote = {Provided by the SAO/NASA Astrophysics Data System}
}

@ARTICLE{Dumusque2018,
       author = {{Dumusque}, X.},
        title = "{Measuring precise radial velocities on individual spectral lines. I. Validation of the method and application to mitigate stellar activity}",
      journal = {\aap},
     keywords = {techniques: radial velocities, techniques: spectroscopic, stars: activity, stars: individual: HD10700, stars: individual: HD128621, stars: individual: HD10180, Astrophysics - Solar and Stellar Astrophysics, Astrophysics - Earth and Planetary Astrophysics, Astrophysics - Instrumentation and Methods for Astrophysics},
         year = 2018,
        month = nov,
       volume = {620},
          eid = {A47},
        pages = {A47},
          doi = {10.1051/0004-6361/201833795},
archivePrefix = {arXiv},
       eprint = {1809.01548},
 primaryClass = {astro-ph.SR},
       adsurl = {https://ui.adsabs.harvard.edu/abs/2018A&A...620A..47D},
      adsnote = {Provided by the SAO/NASA Astrophysics Data System}
}

@ARTICLE{Cegla2018,
       author = {{Cegla}, H.~M. and {Watson}, C.~A. and {Shelyag}, S. and {Chaplin}, W.~J. and {Davies}, G.~R. and {Mathioudakis}, M. and {Palumbo}, M.~L., III and {Saar}, S.~H. and {Haywood}, R.~D.},
        title = "{Stellar Surface Magneto-convection as a Source of Astrophysical Noise. II. Center-to-limb Parameterization of Absorption Line Profiles and Comparison to Observations}",
      journal = {\apj},
     keywords = {line: profiles, planets and satellites: detection, stars: activity, stars: low-mass, Sun: granulation, techniques: radial velocities, Astrophysics - Solar and Stellar Astrophysics, Astrophysics - Earth and Planetary Astrophysics},
         year = 2018,
        month = oct,
       volume = {866},
       number = {1},
          eid = {55},
        pages = {55},
          doi = {10.3847/1538-4357/aaddfc},
archivePrefix = {arXiv},
       eprint = {1807.11423},
 primaryClass = {astro-ph.SR},
       adsurl = {https://ui.adsabs.harvard.edu/abs/2018ApJ...866...55C},
      adsnote = {Provided by the SAO/NASA Astrophysics Data System}
}

@ARTICLE{Rincon2018,
       author = {{Rincon}, Fran{\c{c}}ois and {Rieutord}, Michel},
        title = "{The Sun's supergranulation}",
      journal = {Living Reviews in Solar Physics},
     keywords = {Supergranulation, Convection, Turbulence, MHD},
         year = 2018,
        month = sep,
       volume = {15},
       number = {1},
          eid = {6},
        pages = {6},
          doi = {10.1007/s41116-018-0013-5},
       adsurl = {https://ui.adsabs.harvard.edu/abs/2018LRSP...15....6R},
      adsnote = {Provided by the SAO/NASA Astrophysics Data System}
}

@ARTICLE{Lohner-Bottcher2018,
       author = {{L{\"o}hner-B{\"o}ttcher}, J. and {Schmidt}, W. and {Stief}, F. and {Steinmetz}, T. and {Holzwarth}, R.},
        title = "{Convective blueshifts in the solar atmosphere. I. Absolute measurements with LARS of the spectral lines at 6302 {\r{A}}}",
      journal = {\aap},
     keywords = {convection, Sun: atmosphere, Sun: activity, methods: observational, techniques: spectroscopic, line: profiles, Astrophysics - Solar and Stellar Astrophysics},
         year = 2018,
        month = mar,
       volume = {611},
          eid = {A4},
        pages = {A4},
          doi = {10.1051/0004-6361/201732107},
archivePrefix = {arXiv},
       eprint = {1712.07059},
 primaryClass = {astro-ph.SR},
       adsurl = {https://ui.adsabs.harvard.edu/abs/2018A&A...611A...4L},
      adsnote = {Provided by the SAO/NASA Astrophysics Data System}
}

@ARTICLE{Jones2017,
       author = {{Jones}, David E. and {Stenning}, David C. and {Ford}, Eric B. and {Wolpert}, Robert L. and {Loredo}, Thomas J. and {Gilbertson}, Christian and {Dumusque}, Xavier},
        title = "{Improving Exoplanet Detection Power: Multivariate Gaussian Process Models for Stellar Activity}",
      journal = {arXiv e-prints},
     keywords = {Astrophysics - Instrumentation and Methods for Astrophysics, Astrophysics - Earth and Planetary Astrophysics, Statistics - Applications},
         year = 2017,
        month = nov,
          eid = {arXiv:1711.01318},
        pages = {arXiv:1711.01318},
archivePrefix = {arXiv},
       eprint = {1711.01318},
 primaryClass = {astro-ph.IM},
       adsurl = {https://ui.adsabs.harvard.edu/abs/2017arXiv171101318J},
      adsnote = {Provided by the SAO/NASA Astrophysics Data System}
}

@ARTICLE{Lohner-Bottcher2017,
       author = {{L{\"o}hner-B{\"o}ttcher}, J. and {Schmidt}, W. and {Doerr}, H. -P. and {Kentischer}, T. and {Steinmetz}, T. and {Probst}, R.~A. and {Holzwarth}, R.},
        title = "{LARS: An Absolute Reference Spectrograph for solar observations. Upgrade from a prototype to a turn-key system}",
      journal = {\aap},
     keywords = {instrumentation: spectrographs, instrumentation: miscellaneous, Sun: photosphere, line: profiles, Astrophysics - Instrumentation and Methods for Astrophysics},
         year = 2017,
        month = oct,
       volume = {607},
          eid = {A12},
        pages = {A12},
          doi = {10.1051/0004-6361/201731164},
archivePrefix = {arXiv},
       eprint = {1707.01573},
 primaryClass = {astro-ph.IM},
       adsurl = {https://ui.adsabs.harvard.edu/abs/2017A&A...607A..12L},
      adsnote = {Provided by the SAO/NASA Astrophysics Data System}
}

@ARTICLE{Sulis2017,
       author = {{Sulis}, Sophia and {Mary}, David and {Bigot}, Lionel},
        title = "{A Study of Periodograms Standardized Using Training Datasets and Application to Exoplanet Detection}",
      journal = {IEEE Transactions on Signal Processing},
     keywords = {Mathematics - Statistics Theory, Astrophysics - Earth and Planetary Astrophysics},
         year = 2017,
        month = apr,
       volume = {65},
       number = {8},
        pages = {2136-2150},
          doi = {10.1109/TSP.2017.2652391},
archivePrefix = {arXiv},
       eprint = {1702.02049},
 primaryClass = {math.ST},
       adsurl = {https://ui.adsabs.harvard.edu/abs/2017ITSP...65.2136S},
      adsnote = {Provided by the SAO/NASA Astrophysics Data System}
}

@ARTICLE{Dumusque2017,
       author = {{Dumusque}, X. and {Borsa}, F. and {Damasso}, M. and {D{\'\i}az}, R.~F. and {Gregory}, P.~C. and {Hara}, N.~C. and {Hatzes}, A. and {Rajpaul}, V. and {Tuomi}, M. and {Aigrain}, S. and {Anglada-Escud{\'e}}, G. and {Bonomo}, A.~S. and {Bou{\'e}}, G. and {Dauvergne}, F. and {Frustagli}, G. and {Giacobbe}, P. and {Haywood}, R.~D. and {Jones}, H.~R.~A. and {Laskar}, J. and {Pinamonti}, M. and {Poretti}, E. and {Rainer}, M. and {S{\'e}gransan}, D. and {Sozzetti}, A. and {Udry}, S.},
        title = "{Radial-velocity fitting challenge. II. First results of the analysis of the data set}",
      journal = {\aap},
     keywords = {techniques: radial velocities, planetary systems, stars: oscillations, stars: activity, methods: data analysis, Astrophysics - Earth and Planetary Astrophysics},
         year = 2017,
        month = feb,
       volume = {598},
          eid = {A133},
        pages = {A133},
          doi = {10.1051/0004-6361/201628671},
archivePrefix = {arXiv},
       eprint = {1609.03674},
 primaryClass = {astro-ph.EP},
       adsurl = {https://ui.adsabs.harvard.edu/abs/2017A&A...598A.133D},
      adsnote = {Provided by the SAO/NASA Astrophysics Data System}
}

@INPROCEEDINGS{Akeson2017,
       author = {{Akeson}, Rachel L. and {Christiansen}, Jessie and {Ciardi}, David R. and {Ramirez}, Solange and {Schlieder}, Joshua and {Van Eyken}, Julian C. and {NASA Exoplanet Archive Team}},
        title = "{The NASA Exoplanet Archive}",
    booktitle = {American Astronomical Society Meeting Abstracts \#229},
         year = 2017,
       series = {American Astronomical Society Meeting Abstracts},
       volume = {229},
        month = jan,
          eid = {146.16},
        pages = {146.16},
       adsurl = {https://ui.adsabs.harvard.edu/abs/2017AAS...22914616A},
      adsnote = {Provided by the SAO/NASA Astrophysics Data System}
}

@ARTICLE{Robertson2016,
       author = {{Robertson}, Paul and {Bender}, Chad and {Mahadevan}, Suvrath and {Roy}, Arpita and {Ramsey}, Lawrence W.},
        title = "{Proxima Centauri as a Benchmark for Stellar Activity Indicators in the Near-infrared}",
      journal = {\apj},
     keywords = {stars: activity, stars: individual: Proxima Centauri, techniques: radial velocities, techniques: spectroscopic, Astrophysics - Solar and Stellar Astrophysics, Astrophysics - Earth and Planetary Astrophysics},
         year = 2016,
        month = dec,
       volume = {832},
       number = {2},
          eid = {112},
        pages = {112},
          doi = {10.3847/0004-637X/832/2/112},
archivePrefix = {arXiv},
       eprint = {1608.06291},
 primaryClass = {astro-ph.SR},
       adsurl = {https://ui.adsabs.harvard.edu/abs/2016ApJ...832..112R},
      adsnote = {Provided by the SAO/NASA Astrophysics Data System}
}

@ARTICLE{Howard2016,
       author = {{Howard}, Andrew W. and {Fulton}, Benjamin J.},
        title = "{Limits on Planetary Companions from Doppler Surveys of Nearby Stars}",
      journal = {\pasp},
     keywords = {Astrophysics - Earth and Planetary Astrophysics},
         year = 2016,
        month = nov,
       volume = {128},
       number = {969},
        pages = {114401},
          doi = {10.1088/1538-3873/128/969/114401},
archivePrefix = {arXiv},
       eprint = {1606.03134},
 primaryClass = {astro-ph.EP},
       adsurl = {https://ui.adsabs.harvard.edu/abs/2016PASP..128k4401H},
      adsnote = {Provided by the SAO/NASA Astrophysics Data System}
}

@ARTICLE{Dumusque2016,
       author = {{Dumusque}, X.},
        title = "{Radial velocity fitting challenge. I. Simulating the data set including realistic stellar radial-velocity signals}",
      journal = {\aap},
     keywords = {techniques: radial velocities, stars: oscillations, stars: activity, Sun: activity, Sun: faculae, plages, sunspots, Astrophysics - Earth and Planetary Astrophysics},
         year = 2016,
        month = aug,
       volume = {593},
          eid = {A5},
        pages = {A5},
          doi = {10.1051/0004-6361/201628672},
archivePrefix = {arXiv},
       eprint = {1607.06487},
 primaryClass = {astro-ph.EP},
       adsurl = {https://ui.adsabs.harvard.edu/abs/2016A&A...593A...5D},
      adsnote = {Provided by the SAO/NASA Astrophysics Data System}
}

@INPROCEEDINGS{Phillips2016,
       author = {{Phillips}, David F. and {Glenday}, Alex G. and {Dumusque}, Xavier and {Buchschacher}, Nicolas and {Collier Cameron}, Andrew and {Cecconi}, Massimo and {Charbonneau}, David and {Cosentino}, Rosario and {Ghedina}, Adriano and {Haywood}, Raph{\"a}elle and {Latham}, David W. and {Li}, Chih-Hao and {Lodi}, Marcello and {Lovis}, Christophe and {Molinari}, Emilio and {Pepe}, Francesco and {Sasselov}, Dimitar and {Szentgyorgyi}, Andrew and {Udry}, Stephane and {Walsworth}, Ronald L.},
        title = "{An astro-comb calibrated solar telescope to search for the radial velocity signature of Venus}",
    booktitle = {Advances in Optical and Mechanical Technologies for Telescopes and Instrumentation II},
         year = 2016,
       editor = {{Navarro}, Ram{\'o}n and {Burge}, James H.},
       series = {Society of Photo-Optical Instrumentation Engineers (SPIE) Conference Series},
       volume = {9912},
        month = jul,
          eid = {99126Z},
        pages = {99126Z},
          doi = {10.1117/12.2232452},
       adsurl = {https://ui.adsabs.harvard.edu/abs/2016SPIE.9912E..6ZP},
      adsnote = {Provided by the SAO/NASA Astrophysics Data System}
}

@ARTICLE{Haywood2016,
       author = {{Haywood}, R.~D. and {Collier Cameron}, A. and {Unruh}, Y.~C. and {Lovis}, C. and {Lanza}, A.~F. and {Llama}, J. and {Deleuil}, M. and {Fares}, R. and {Gillon}, M. and {Moutou}, C. and {Pepe}, F. and {Pollacco}, D. and {Queloz}, D. and {S{\'e}gransan}, D.},
        title = "{The Sun as a planet-host star: proxies from SDO images for HARPS radial-velocity variations}",
      journal = {\mnras},
     keywords = {techniques: radial velocities, Sun: activity, Sun: faculae, plages, Sun: granulation, sunspots, planets and satellites: detection, Astrophysics - Earth and Planetary Astrophysics, Astrophysics - Solar and Stellar Astrophysics},
         year = 2016,
        month = apr,
       volume = {457},
       number = {4},
        pages = {3637-3651},
          doi = {10.1093/mnras/stw187},
archivePrefix = {arXiv},
       eprint = {1601.05651},
 primaryClass = {astro-ph.EP},
       adsurl = {https://ui.adsabs.harvard.edu/abs/2016MNRAS.457.3637H},
      adsnote = {Provided by the SAO/NASA Astrophysics Data System}
}

@ARTICLE{Besard2016,
       author = {{Besard}, Tim and {Verstraete}, Pieter and {De Sutter}, Bjorn},
        title = "{High-level GPU programming in Julia}",
      journal = {arXiv e-prints},
     keywords = {Computer Science - Distributed, Parallel, and Cluster Computing, Computer Science - Programming Languages},
         year = 2016,
        month = apr,
          eid = {arXiv:1604.03410},
        pages = {arXiv:1604.03410},
archivePrefix = {arXiv},
       eprint = {1604.03410},
 primaryClass = {cs.DC},
       adsurl = {https://ui.adsabs.harvard.edu/abs/2016arXiv160403410B},
      adsnote = {Provided by the SAO/NASA Astrophysics Data System}
}

@ARTICLE{Reiners2016,
       author = {{Reiners}, A. and {Mrotzek}, N. and {Lemke}, U. and {Hinrichs}, J. and {Reinsch}, K.},
        title = "{The IAG solar flux atlas: Accurate wavelengths and absolute convective blueshift in standard solar spectra}",
      journal = {\aap},
     keywords = {atlases, line: identification, methods: observational, standards, Sun: fundamental parameters, Astrophysics - Solar and Stellar Astrophysics, Astrophysics - Earth and Planetary Astrophysics, Astrophysics - Instrumentation and Methods for Astrophysics},
         year = 2016,
        month = mar,
       volume = {587},
          eid = {A65},
        pages = {A65},
          doi = {10.1051/0004-6361/201527530},
archivePrefix = {arXiv},
       eprint = {1511.03014},
 primaryClass = {astro-ph.SR},
       adsurl = {https://ui.adsabs.harvard.edu/abs/2016A&A...587A..65R},
      adsnote = {Provided by the SAO/NASA Astrophysics Data System}
}

@ARTICLE{Rajpaul2016,
       author = {{Rajpaul}, V. and {Aigrain}, S. and {Roberts}, S.},
        title = "{Ghost in the time series: no planet for Alpha Cen B}",
      journal = {\mnras},
     keywords = {methods: data analysis, techniques: radial velocities, stars: activity, stars: individual: Alpha Cen B, planetary systems, Astrophysics - Earth and Planetary Astrophysics, Astrophysics - Instrumentation and Methods for Astrophysics},
         year = 2016,
        month = feb,
       volume = {456},
       number = {1},
        pages = {L6-L10},
          doi = {10.1093/mnrasl/slv164},
archivePrefix = {arXiv},
       eprint = {1510.05598},
 primaryClass = {astro-ph.EP},
       adsurl = {https://ui.adsabs.harvard.edu/abs/2016MNRAS.456L...6R},
      adsnote = {Provided by the SAO/NASA Astrophysics Data System}
}

@ARTICLE{Herrero2016,
       author = {{Herrero}, Enrique and {Ribas}, Ignasi and {Jordi}, Carme and {Morales}, Juan Carlos and {Perger}, Manuel and {Rosich}, Albert},
        title = "{Modelling the photosphere of active stars for planet detection and characterization}",
      journal = {\aap},
     keywords = {starspots, stars: rotation, stars: activity, Astrophysics - Earth and Planetary Astrophysics},
         year = 2016,
        month = feb,
       volume = {586},
          eid = {A131},
        pages = {A131},
          doi = {10.1051/0004-6361/201425369},
archivePrefix = {arXiv},
       eprint = {1511.06717},
 primaryClass = {astro-ph.EP},
       adsurl = {https://ui.adsabs.harvard.edu/abs/2016A&A...586A.131H},
      adsnote = {Provided by the SAO/NASA Astrophysics Data System}
}

@ARTICLE{Dumusque2015,
       author = {{Dumusque}, Xavier and {Glenday}, Alex and {Phillips}, David F. and {Buchschacher}, Nicolas and {Collier Cameron}, Andrew and {Cecconi}, Massimo and {Charbonneau}, David and {Cosentino}, Rosario and {Ghedina}, Adriano and {Latham}, David W. and {Li}, Chih-Hao and {Lodi}, Marcello and {Lovis}, Christophe and {Molinari}, Emilio and {Pepe}, Francesco and {Udry}, St{\'e}phane and {Sasselov}, Dimitar and {Szentgyorgyi}, Andrew and {Walsworth}, Ronald},
        title = "{HARPS-N Observes the Sun as a Star}",
      journal = {\apjl},
     keywords = {instrumentation: spectrographs, planets and satellites: detection, techniques: radial velocities, Astrophysics - Earth and Planetary Astrophysics, Astrophysics - Instrumentation and Methods for Astrophysics, Astrophysics - Solar and Stellar Astrophysics},
         year = 2015,
        month = dec,
       volume = {814},
       number = {2},
          eid = {L21},
        pages = {L21},
          doi = {10.1088/2041-8205/814/2/L21},
archivePrefix = {arXiv},
       eprint = {1511.02267},
 primaryClass = {astro-ph.EP},
       adsurl = {https://ui.adsabs.harvard.edu/abs/2015ApJ...814L..21D},
      adsnote = {Provided by the SAO/NASA Astrophysics Data System}
}

@MISC{Southworth2015,
       author = {{Southworth}, John},
        title = "{JKTLD: Limb darkening coefficients}",
     keywords = {Software},
         year = 2015,
        month = nov,
          eid = {ascl:1511.016},
        pages = {ascl:1511.016},
archivePrefix = {ascl},
       eprint = {1511.016},
       adsurl = {https://ui.adsabs.harvard.edu/abs/2015ascl.soft11016S},
      adsnote = {Provided by the SAO/NASA Astrophysics Data System}
}

@ARTICLE{Meunier2015,
       author = {{Meunier}, N. and {Lagrange}, A. -M. and {Borgniet}, S. and {Rieutord}, M.},
        title = "{Using the Sun to estimate Earth-like planet detection capabilities. VI. Simulation of granulation and supergranulation radial velocity and photometric time series}",
      journal = {\aap},
     keywords = {techniques: radial velocities, planetary systems, Sun: activity, Sun: granulation, stars: activity, stars: solar-type},
         year = 2015,
        month = nov,
       volume = {583},
          eid = {A118},
        pages = {A118},
          doi = {10.1051/0004-6361/201525721},
       adsurl = {https://ui.adsabs.harvard.edu/abs/2015A&A...583A.118M},
      adsnote = {Provided by the SAO/NASA Astrophysics Data System}
}

@ARTICLE{Hathaway2015,
       author = {{Hathaway}, David H.},
        title = "{The Solar Cycle}",
      journal = {Living Reviews in Solar Physics},
     keywords = {Sunspots, Solar cycle, Solar cycle prediction, Solar activity, Astrophysics - Solar and Stellar Astrophysics},
         year = 2015,
        month = sep,
       volume = {12},
       number = {1},
          eid = {4},
        pages = {4},
          doi = {10.1007/lrsp-2015-4},
archivePrefix = {arXiv},
       eprint = {1502.07020},
 primaryClass = {astro-ph.SR},
       adsurl = {https://ui.adsabs.harvard.edu/abs/2015LRSP...12....4H},
      adsnote = {Provided by the SAO/NASA Astrophysics Data System}
}

@ARTICLE{Rajpaul2015,
       author = {{Rajpaul}, V. and {Aigrain}, S. and {Osborne}, M.~A. and {Reece}, S. and {Roberts}, S.},
        title = "{A Gaussian process framework for modelling stellar activity signals in radial velocity data}",
      journal = {\mnras},
     keywords = {methods: data analysis, techniques: radial velocities, stars: activity, stars: individual: Alpha Centauri B, stars: individual: Gliese 15 A, planetary systems, Astrophysics - Earth and Planetary Astrophysics, Astrophysics - Instrumentation and Methods for Astrophysics},
         year = 2015,
        month = sep,
       volume = {452},
       number = {3},
        pages = {2269-2291},
          doi = {10.1093/mnras/stv1428},
archivePrefix = {arXiv},
       eprint = {1506.07304},
 primaryClass = {astro-ph.EP},
       adsurl = {https://ui.adsabs.harvard.edu/abs/2015MNRAS.452.2269R},
      adsnote = {Provided by the SAO/NASA Astrophysics Data System}
}

@ARTICLE{Hatzes2015,
       author = {{Hatzes}, A.~P. and {Cochran}, W.~D. and {Endl}, M. and {Guenther}, E.~W. and {MacQueen}, P. and {Hartmann}, M. and {Zechmeister}, M. and {Han}, I. and {Lee}, B. -C. and {Walker}, G.~A.~H. and {Yang}, S. and {Larson}, A.~M. and {Kim}, K. -M. and {Mkrtichian}, D.~E. and {D{\"o}llinger}, M. and {Simon}, A.~E. and {Girardi}, L.},
        title = "{Long-lived, long-period radial velocity variations in Aldebaran: A planetary companion and stellar activity}",
      journal = {\aap},
     keywords = {stars: individual: {\ensuremath{\alpha}}Tu, techniques: radial velocities, Astrophysics - Solar and Stellar Astrophysics},
         year = 2015,
        month = aug,
       volume = {580},
          eid = {A31},
        pages = {A31},
          doi = {10.1051/0004-6361/201425519},
archivePrefix = {arXiv},
       eprint = {1505.03454},
 primaryClass = {astro-ph.SR},
       adsurl = {https://ui.adsabs.harvard.edu/abs/2015A&A...580A..31H},
      adsnote = {Provided by the SAO/NASA Astrophysics Data System}
}

@PHDTHESIS{Doerr2015,
       author = {{Doerr}, H. -P.},
        title = "{Precision spectroscopy with a frequency-comb-calibrated solar spectrograph}",
     keywords = {spectroscopy, calibration, frequency comb, Sun},
       school = {University of Freiburg},
         year = 2015,
        month = jun,
       adsurl = {https://ui.adsabs.harvard.edu/abs/2015PhDT.......200D},
      adsnote = {Provided by the SAO/NASA Astrophysics Data System}
}

@ARTICLE{Socas-Navarro2015,
       author = {{Socas-Navarro}, H. and {de la Cruz Rodr{\'\i}guez}, J. and {Asensio Ramos}, A. and {Trujillo Bueno}, J. and {Ruiz Cobo}, B.},
        title = "{An open-source, massively parallel code for non-LTE synthesis and inversion of spectral lines and Zeeman-induced Stokes profiles}",
      journal = {\aap},
     keywords = {radiative transfer, Sun: chromosphere, Sun: photosphere, Sun: magnetic fields, polarization, Sun: abundances, Astrophysics - Solar and Stellar Astrophysics},
         year = 2015,
        month = may,
       volume = {577},
          eid = {A7},
        pages = {A7},
          doi = {10.1051/0004-6361/201424860},
archivePrefix = {arXiv},
       eprint = {1408.6101},
 primaryClass = {astro-ph.SR},
       adsurl = {https://ui.adsabs.harvard.edu/abs/2015A&A...577A...7S},
      adsnote = {Provided by the SAO/NASA Astrophysics Data System}
}

@ARTICLE{Dumusque2014,
       author = {{Dumusque}, X. and {Boisse}, I. and {Santos}, N.~C.},
        title = "{SOAP 2.0: A Tool to Estimate the Photometric and Radial Velocity Variations Induced by Stellar Spots and Plages}",
      journal = {\apj},
     keywords = {planetary systems, stars: activity, stars: individual: alpha Cen B, stars: individual: HD 189733, techniques: radial velocities, Astrophysics - Solar and Stellar Astrophysics, Astrophysics - Earth and Planetary Astrophysics},
         year = 2014,
        month = dec,
       volume = {796},
       number = {2},
          eid = {132},
        pages = {132},
          doi = {10.1088/0004-637X/796/2/132},
archivePrefix = {arXiv},
       eprint = {1409.3594},
 primaryClass = {astro-ph.SR},
       adsurl = {https://ui.adsabs.harvard.edu/abs/2014ApJ...796..132D},
      adsnote = {Provided by the SAO/NASA Astrophysics Data System}
}

@ARTICLE{Hoeksema2014,
       author = {{Hoeksema}, J. Todd and {Liu}, Yang and {Hayashi}, Keiji and {Sun}, Xudong and {Schou}, Jesper and {Couvidat}, Sebastien and {Norton}, Aimee and {Bobra}, Monica and {Centeno}, Rebecca and {Leka}, K.~D. and {Barnes}, Graham and {Turmon}, Michael},
        title = "{The Helioseismic and Magnetic Imager (HMI) Vector Magnetic Field Pipeline: Overview and Performance}",
      journal = {\solphys},
     keywords = {Magnetic fields, photosphere, HMI: vector field, Solar active regions, Astrophysics - Solar and Stellar Astrophysics},
         year = 2014,
        month = sep,
       volume = {289},
       number = {9},
        pages = {3483-3530},
          doi = {10.1007/s11207-014-0516-8},
archivePrefix = {arXiv},
       eprint = {1404.1881},
 primaryClass = {astro-ph.SR},
       adsurl = {https://ui.adsabs.harvard.edu/abs/2014SoPh..289.3483H},
      adsnote = {Provided by the SAO/NASA Astrophysics Data System}
}

@ARTICLE{Haywood2014,
       author = {{Haywood}, R.~D. and {Collier Cameron}, A. and {Queloz}, D. and {Barros}, S.~C.~C. and {Deleuil}, M. and {Fares}, R. and {Gillon}, M. and {Lanza}, A.~F. and {Lovis}, C. and {Moutou}, C. and {Pepe}, F. and {Pollacco}, D. and {Santerne}, A. and {S{\'e}gransan}, D. and {Unruh}, Y.~C.},
        title = "{Planets and stellar activity: hide and seek in the CoRoT-7 system}",
      journal = {\mnras},
     keywords = {techniques: radial velocities, stars: activity, stars: individual: CoRoT-7, planetary systems, Astrophysics - Earth and Planetary Astrophysics, Astrophysics - Solar and Stellar Astrophysics},
         year = 2014,
        month = sep,
       volume = {443},
       number = {3},
        pages = {2517-2531},
          doi = {10.1093/mnras/stu1320},
archivePrefix = {arXiv},
       eprint = {1407.1044},
 primaryClass = {astro-ph.EP},
       adsurl = {https://ui.adsabs.harvard.edu/abs/2014MNRAS.443.2517H},
      adsnote = {Provided by the SAO/NASA Astrophysics Data System}
}

@ARTICLE{Jeffers2014,
       author = {{Jeffers}, S.~V. and {Petit}, P. and {Marsden}, S.~C. and {Morin}, J. and {Donati}, J. -F. and {Folsom}, C.~P.},
        title = "{ɛ Eridani: an active K dwarf and a planet hosting star?. The variability of its large-scale magnetic field topology}",
      journal = {\aap},
     keywords = {magnetic fields, stars: activity, stars: magnetic field, starspots},
         year = 2014,
        month = sep,
       volume = {569},
          eid = {A79},
        pages = {A79},
          doi = {10.1051/0004-6361/201423725},
       adsurl = {https://ui.adsabs.harvard.edu/abs/2014A&A...569A..79J},
      adsnote = {Provided by the SAO/NASA Astrophysics Data System}
}

@ARTICLE{Robertson2014,
       author = {{Robertson}, Paul and {Mahadevan}, Suvrath and {Endl}, Michael and {Roy}, Arpita},
        title = "{Stellar activity masquerading as planets in the habitable zone of the M dwarf Gliese 581}",
      journal = {Science},
     keywords = {ASTRONOMY, Astronomy, Sociology, Environment, Astrophysics - Earth and Planetary Astrophysics},
         year = 2014,
        month = jul,
       volume = {345},
       number = {6195},
        pages = {440-444},
          doi = {10.1126/science.1253253},
archivePrefix = {arXiv},
       eprint = {1407.1049},
 primaryClass = {astro-ph.EP},
       adsurl = {https://ui.adsabs.harvard.edu/abs/2014Sci...345..440R},
      adsnote = {Provided by the SAO/NASA Astrophysics Data System}
}

@ARTICLE{Dumusque2012,
       author = {{Dumusque}, Xavier and {Pepe}, Francesco and {Lovis}, Christophe and {S{\'e}gransan}, Damien and {Sahlmann}, Johannes and {Benz}, Willy and {Bouchy}, Fran{\c{c}}ois and {Mayor}, Michel and {Queloz}, Didier and {Santos}, Nuno and {Udry}, St{\'e}phane},
        title = "{An Earth-mass planet orbiting {\ensuremath{\alpha}} Centauri B}",
      journal = {\nat},
         year = 2012,
        month = nov,
       volume = {491},
       number = {7423},
        pages = {207-211},
          doi = {10.1038/nature11572},
       adsurl = {https://ui.adsabs.harvard.edu/abs/2012Natur.491..207D},
      adsnote = {Provided by the SAO/NASA Astrophysics Data System}
}

@ARTICLE{Boisse2012,
       author = {{Boisse}, I. and {Bonfils}, X. and {Santos}, N.~C.},
        title = "{SOAP. A tool for the fast computation of photometry and radial velocity induced by stellar spots}",
      journal = {\aap},
     keywords = {methods: numerical, planetary systems, techniques: radial velocities, techniques: photometric, stars: activity, starspots, Astrophysics - Instrumentation and Methods for Astrophysics, Astrophysics - Earth and Planetary Astrophysics, Astrophysics - Solar and Stellar Astrophysics},
         year = 2012,
        month = sep,
       volume = {545},
          eid = {A109},
        pages = {A109},
          doi = {10.1051/0004-6361/201219115},
archivePrefix = {arXiv},
       eprint = {1206.5493},
 primaryClass = {astro-ph.IM},
       adsurl = {https://ui.adsabs.harvard.edu/abs/2012A&A...545A.109B},
      adsnote = {Provided by the SAO/NASA Astrophysics Data System}
}

@ARTICLE{Scherrer2012,
       author = {{Scherrer}, P.~H. and {Schou}, J. and {Bush}, R.~I. and {Kosovichev}, A.~G. and {Bogart}, R.~S. and {Hoeksema}, J.~T. and {Liu}, Y. and {Duvall}, T.~L. and {Zhao}, J. and {Title}, A.~M. and {Schrijver}, C.~J. and {Tarbell}, T.~D. and {Tomczyk}, S.},
        title = "{The Helioseismic and Magnetic Imager (HMI) Investigation for the Solar Dynamics Observatory (SDO)}",
      journal = {\solphys},
         year = 2012,
        month = jan,
       volume = {275},
       number = {1-2},
        pages = {207-227},
          doi = {10.1007/s11207-011-9834-2},
       adsurl = {https://ui.adsabs.harvard.edu/abs/2012SoPh..275..207S},
      adsnote = {Provided by the SAO/NASA Astrophysics Data System}
}

@BOOK{Kippenhahn2012,
       author = {{Kippenhahn}, Rudolf and {Weigert}, Alfred and {Weiss}, Achim},
        title = "{Stellar Structure and Evolution}",
         year = 2012,
          doi = {10.1007/978-3-642-30304-3},
       adsurl = {https://ui.adsabs.harvard.edu/abs/2012sse..book.....K},
      adsnote = {Provided by the SAO/NASA Astrophysics Data System}
}

@ARTICLE{Pesnell2012,
       author = {{Pesnell}, W. Dean and {Thompson}, B.~J. and {Chamberlin}, P.~C.},
        title = "{The Solar Dynamics Observatory (SDO)}",
      journal = {\solphys},
     keywords = {SDO, Solar cycle, Helioseismology, Coronal, Space weather},
         year = 2012,
        month = jan,
       volume = {275},
       number = {1-2},
        pages = {3-15},
          doi = {10.1007/s11207-011-9841-3},
       adsurl = {https://ui.adsabs.harvard.edu/abs/2012SoPh..275....3P},
      adsnote = {Provided by the SAO/NASA Astrophysics Data System}
}

@ARTICLE{Basturk2011,
       author = {{Ba{\c{s}}t{\"u}rk}, {\"O}. and {Dall}, T.~H. and {Collet}, R. and {Lo Curto}, G. and {Selam}, S.~O.},
        title = "{Bisectors of the HARPS cross-correlation function. The dependence on stellar atmospheric parameters}",
      journal = {\aap},
     keywords = {instrumentation: spectrographs, techniques: radial velocities, line: profiles, stars: atmospheres, stars: activity, Astrophysics - Solar and Stellar Astrophysics},
         year = 2011,
        month = nov,
       volume = {535},
          eid = {A17},
        pages = {A17},
          doi = {10.1051/0004-6361/201117740},
archivePrefix = {arXiv},
       eprint = {1110.0975},
 primaryClass = {astro-ph.SR},
       adsurl = {https://ui.adsabs.harvard.edu/abs/2011A&A...535A..17B},
      adsnote = {Provided by the SAO/NASA Astrophysics Data System}
}

@ARTICLE{Dumusque2011,
       author = {{Dumusque}, X. and {Udry}, S. and {Lovis}, C. and {Santos}, N.~C. and {Monteiro}, M.~J.~P.~F.~G.},
        title = "{Planetary detection limits taking into account stellar noise. I. Observational strategies to reduce stellar oscillation and granulation effects}",
      journal = {\aap},
     keywords = {planetary systems, stars: oscillations, techniques: radial velocities, Astrophysics - Earth and Planetary Astrophysics},
         year = 2011,
        month = jan,
       volume = {525},
          eid = {A140},
        pages = {A140},
          doi = {10.1051/0004-6361/201014097},
archivePrefix = {arXiv},
       eprint = {1010.2616},
 primaryClass = {astro-ph.EP},
       adsurl = {https://ui.adsabs.harvard.edu/abs/2011A&A...525A.140D},
      adsnote = {Provided by the SAO/NASA Astrophysics Data System}
}

@ARTICLE{Rieutord2010,
       author = {{Rieutord}, Michel and {Rincon}, Fran{\c{c}}ois},
        title = "{The Sun's Supergranulation}",
      journal = {Living Reviews in Solar Physics},
     keywords = {convection, MHD, supergranulation, turbulence, Solar Surface, Dissipation Scale, Turbulent Convection, Oscillatory Convection, Solar Convection Zone, Astrophysics - Solar and Stellar Astrophysics},
         year = 2010,
        month = dec,
       volume = {7},
       number = {1},
          eid = {2},
        pages = {2},
          doi = {10.12942/lrsp-2010-2},
archivePrefix = {arXiv},
       eprint = {1005.5376},
 primaryClass = {astro-ph.SR},
       adsurl = {https://ui.adsabs.harvard.edu/abs/2010LRSP....7....2R},
      adsnote = {Provided by the SAO/NASA Astrophysics Data System}
}

@ARTICLE{Isaacson2010,
       author = {{Isaacson}, Howard and {Fischer}, Debra},
        title = "{Chromospheric Activity and Jitter Measurements for 2630 Stars on the California Planet Search}",
      journal = {\apj},
     keywords = {stars: activity, stars: chromospheres, stars: fundamental parameters, Astrophysics - Earth and Planetary Astrophysics},
         year = 2010,
        month = dec,
       volume = {725},
       number = {1},
        pages = {875-885},
          doi = {10.1088/0004-637X/725/1/875},
archivePrefix = {arXiv},
       eprint = {1009.2301},
 primaryClass = {astro-ph.EP},
       adsurl = {https://ui.adsabs.harvard.edu/abs/2010ApJ...725..875I},
      adsnote = {Provided by the SAO/NASA Astrophysics Data System}
}

@ARTICLE{Makarov2010,
       author = {{Makarov}, Valeri V.},
        title = "{Variability of Surface Flows on the Sun and the Implications for Exoplanet Detection}",
      journal = {\apj},
     keywords = {planets and satellites: detection, stars: individual: 55 Cnc HD 40307, Sun: activity, techniques: radial velocities, Astrophysics - Solar and Stellar Astrophysics},
         year = 2010,
        month = may,
       volume = {715},
       number = {1},
        pages = {500-505},
          doi = {10.1088/0004-637X/715/1/500},
archivePrefix = {arXiv},
       eprint = {1004.1383},
 primaryClass = {astro-ph.SR},
       adsurl = {https://ui.adsabs.harvard.edu/abs/2010ApJ...715..500M},
      adsnote = {Provided by the SAO/NASA Astrophysics Data System}
}

@ARTICLE{Meunier2010,
       author = {{Meunier}, N. and {Desort}, M. and {Lagrange}, A. -M.},
        title = "{Using the Sun to estimate Earth-like planets detection capabilities . II. Impact of plages}",
      journal = {\aap},
     keywords = {techniques: radial velocities, starspots, planetary systems, stars: activity, Astrophysics - Earth and Planetary Astrophysics, Astrophysics - Solar and Stellar Astrophysics},
         year = 2010,
        month = mar,
       volume = {512},
          eid = {A39},
        pages = {A39},
          doi = {10.1051/0004-6361/200913551},
archivePrefix = {arXiv},
       eprint = {1001.1638},
 primaryClass = {astro-ph.EP},
       adsurl = {https://ui.adsabs.harvard.edu/abs/2010A&A...512A..39M},
      adsnote = {Provided by the SAO/NASA Astrophysics Data System}
}

@ARTICLE{Michel2008,
       author = {{Michel}, Eric and {Baglin}, Annie and {Auvergne}, Michel and {Catala}, Claude and {Samadi}, Reza and {Baudin}, Fr{\'e}d{\'e}ric and {Appourchaux}, Thierry and {Barban}, Caroline and {Weiss}, Werner W. and {Berthomieu}, Gabrielle and {Boumier}, Patrick and {Dupret}, Marc-Antoine and {Garcia}, Rafael A. and {Fridlund}, Malcolm and {Garrido}, Rafael and {Goupil}, Marie-Jo and {Kjeldsen}, Hans and {Lebreton}, Yveline and {Mosser}, Beno{\^\i}t and {Grotsch-Noels}, Arlette and {Janot-Pacheco}, Eduardo and {Provost}, Janine and {Roxburgh}, Ian W. and {Thoul}, Anne and {Toutain}, Thierry and {Tiph{\`e}ne}, Didier and {Turck-Chieze}, Sylvaine and {Vauclair}, Sylvie D. and {Vauclair}, G{\'e}rard P. and {Aerts}, Conny and {Alecian}, Georges and {Ballot}, J{\'e}r{\^o}me and {Charpinet}, St{\'e}phane and {Hubert}, Anne-Marie and {Ligni{\`e}res}, Fran{\c{c}}ois and {Mathias}, Philippe and {Monteiro}, Mario J.~P.~F.~G. and {Neiner}, Coralie and {Poretti}, Ennio and {Renan de Medeiros}, Jos{\'e} and {Ribas}, Ignasi and {Rieutord}, Michel L. and {Roca Cort{\'e}s}, Teodoro and {Zwintz}, Konstanze},
        title = "{CoRoT Measures Solar-Like Oscillations and Granulation in Stars Hotter Than the Sun}",
      journal = {Science},
     keywords = {Astrophysics},
         year = 2008,
        month = oct,
       volume = {322},
       number = {5901},
        pages = {558},
          doi = {10.1126/science.1163004},
archivePrefix = {arXiv},
       eprint = {0812.1267},
 primaryClass = {astro-ph},
       adsurl = {https://ui.adsabs.harvard.edu/abs/2008Sci...322..558M},
      adsnote = {Provided by the SAO/NASA Astrophysics Data System}
}

@BOOK{Gray2008,
       author = {{Gray}, David F.},
        title = "{The Observation and Analysis of Stellar Photospheres}",
         year = 2008,
       adsurl = {https://ui.adsabs.harvard.edu/abs/2008oasp.book.....G},
      adsnote = {Provided by the SAO/NASA Astrophysics Data System}
}

@ARTICLE{O'Toole2008,
       author = {{O'Toole}, S.~J. and {Tinney}, C.~G. and {Jones}, H.~R.~A.},
        title = "{The impact of stellar oscillations on doppler velocity planet searches}",
      journal = {\mnras},
     keywords = {star: oscillations, planetary systems, Astrophysics},
         year = 2008,
        month = may,
       volume = {386},
       number = {1},
        pages = {516-520},
          doi = {10.1111/j.1365-2966.2008.13061.x},
archivePrefix = {arXiv},
       eprint = {0706.3548},
 primaryClass = {astro-ph},
       adsurl = {https://ui.adsabs.harvard.edu/abs/2008MNRAS.386..516O},
      adsnote = {Provided by the SAO/NASA Astrophysics Data System}
}

@ARTICLE{Murphy2007,
       author = {{Murphy}, M.~T. and {Udem}, Th. and {Holzwarth}, R. and {Sizmann}, A. and {Pasquini}, L. and {Araujo-Hauck}, C. and {Dekker}, H. and {D'Odorico}, S. and {Fischer}, M. and {H{\"a}nsch}, T.~W. and {Manescau}, A.},
        title = "{High-precision wavelength calibration of astronomical spectrographs with laser frequency combs}",
      journal = {\mnras},
     keywords = {instrumentation: detectors, instrumentation: spectrographs, methods: laboratory, techniques: spectroscopic, Astrophysics, Physics - Optics},
         year = 2007,
        month = sep,
       volume = {380},
       number = {2},
        pages = {839-847},
          doi = {10.1111/j.1365-2966.2007.12147.x},
archivePrefix = {arXiv},
       eprint = {astro-ph/0703622},
 primaryClass = {astro-ph},
       adsurl = {https://ui.adsabs.harvard.edu/abs/2007MNRAS.380..839M},
      adsnote = {Provided by the SAO/NASA Astrophysics Data System}
}

@ARTICLE{Hunter2007,
       author = {{Hunter}, John D.},
        title = "{Matplotlib: A 2D Graphics Environment}",
      journal = {Computing in Science and Engineering},
     keywords = {Python, Scripting languages, Application development, Scientific programming},
         year = 2007,
        month = may,
       volume = {9},
       number = {3},
        pages = {90-95},
          doi = {10.1109/MCSE.2007.55},
       adsurl = {https://ui.adsabs.harvard.edu/abs/2007CSE.....9...90H},
      adsnote = {Provided by the SAO/NASA Astrophysics Data System}
}

@ARTICLE{Vogler2005,
       author = {{V{\"o}gler}, A. and {Shelyag}, S. and {Sch{\"u}ssler}, M. and {Cattaneo}, F. and {Emonet}, T. and {Linde}, T.},
        title = "{Simulations of magneto-convection in the solar photosphere.  Equations, methods, and results of the MURaM code}",
      journal = {\aap},
     keywords = {magnetohydrodynamics (MHD), Sun: magnetic fields, Sun: photosphere, Sun: granulation, Sun: faculae, plages},
         year = 2005,
        month = jan,
       volume = {429},
        pages = {335-351},
          doi = {10.1051/0004-6361:20041507},
       adsurl = {https://ui.adsabs.harvard.edu/abs/2005A&A...429..335V},
      adsnote = {Provided by the SAO/NASA Astrophysics Data System}
}

@ARTICLE{Wright2004,
       author = {{Wright}, J.~T. and {Marcy}, G.~W. and {Butler}, R. Paul and {Vogt}, S.~S.},
        title = "{Chromospheric Ca II Emission in Nearby F, G, K, and M Stars}",
      journal = {\apjs},
     keywords = {Stars: Activity, Stars: Chromospheres, Stars: Rotation, Astrophysics},
         year = 2004,
        month = jun,
       volume = {152},
       number = {2},
        pages = {261-295},
          doi = {10.1086/386283},
archivePrefix = {arXiv},
       eprint = {astro-ph/0402582},
 primaryClass = {astro-ph},
       adsurl = {https://ui.adsabs.harvard.edu/abs/2004ApJS..152..261W},
      adsnote = {Provided by the SAO/NASA Astrophysics Data System}
}

@ARTICLE{Kurster2003,
       author = {{K{\"u}rster}, M. and {Endl}, M. and {Rouesnel}, F. and {Els}, S. and {Kaufer}, A. and {Brillant}, S. and {Hatzes}, A.~P. and {Saar}, S.~H. and {Cochran}, W.~D.},
        title = "{The low-level radial velocity variability   in Barnard's star (= GJ 699).  Secular acceleration, indications for convective redshift,  and planet mass limits}",
      journal = {\aap},
     keywords = {techniques: radial velocities, stars: kinematics, stars: planetary systems, stars: activity, Astrophysics},
         year = 2003,
        month = jun,
       volume = {403},
        pages = {1077-1087},
          doi = {10.1051/0004-6361:20030396},
archivePrefix = {arXiv},
       eprint = {astro-ph/0303528},
 primaryClass = {astro-ph},
       adsurl = {https://ui.adsabs.harvard.edu/abs/2003A&A...403.1077K},
      adsnote = {Provided by the SAO/NASA Astrophysics Data System}
}

@ARTICLE{Pepe2002,
       author = {{Pepe}, F. and {Mayor}, M. and {Galland}, F. and {Naef}, D. and {Queloz}, D. and {Santos}, N.~C. and {Udry}, S. and {Burnet}, M.},
        title = "{The CORALIE survey for southern extra-solar planets VII. Two short-period Saturnian companions to <ASTROBJ>HD 108147</ASTROBJ> and <ASTROBJ>HD 168746</ASTROBJ>}",
      journal = {\aap},
     keywords = {techniques: radial velocities, stars: individual: HD 108147, stars: individual: HD 168746, Astrophysics},
         year = 2002,
        month = jun,
       volume = {388},
        pages = {632-638},
          doi = {10.1051/0004-6361:20020433},
archivePrefix = {arXiv},
       eprint = {astro-ph/0202457},
 primaryClass = {astro-ph},
       adsurl = {https://ui.adsabs.harvard.edu/abs/2002A&A...388..632P},
      adsnote = {Provided by the SAO/NASA Astrophysics Data System}
}

@ARTICLE{Chapman2001,
       author = {{Chapman}, G.~A. and {Cookson}, A.~M. and {Dobias}, J.~J. and {Walton}, S.~R.},
        title = "{An Improved Determination of the Area Ratio of Faculae to Sunspots}",
      journal = {\apj},
     keywords = {Sun: Activity, Sun: Faculae, Plages, Sun: Sunspots},
         year = 2001,
        month = jul,
       volume = {555},
       number = {1},
        pages = {462-465},
          doi = {10.1086/321466},
       adsurl = {https://ui.adsabs.harvard.edu/abs/2001ApJ...555..462C},
      adsnote = {Provided by the SAO/NASA Astrophysics Data System}
}

@ARTICLE{Povich2001,
       author = {{Povich}, M.~S. and {Giampapa}, M.~S. and {Valenti}, J.~A. and {Tilleman}, T. and {Barden}, S. and {Deming}, D. and {Livingston}, W.~C. and {Pilachowski}, C.},
        title = "{Limits on Line Bisector Variability for Stars with Extrasolar Planets}",
      journal = {\aj},
     keywords = {-Stars: Planetary Systems, Stars: Late-Type},
         year = 2001,
        month = feb,
       volume = {121},
       number = {2},
        pages = {1136-1146},
          doi = {10.1086/318745},
       adsurl = {https://ui.adsabs.harvard.edu/abs/2001AJ....121.1136P},
      adsnote = {Provided by the SAO/NASA Astrophysics Data System}
}

@INPROCEEDINGS{Palle1999,
       author = {{Pall{\'e}}, P.~L. and {Roca Cort{\'e}s}, T. and {Jim{\'e}nez}, A. and {GOLF Team} and {Virgo Team}},
        title = "{The Sun as a Star: Background, Intensity and Velocity, Power Spectra and Convection}",
    booktitle = {Stellar Structure:  Theory and Test of Connective Energy Transport},
         year = 1999,
       editor = {{Gimenez}, Alvaro and {Guinan}, Edward F. and {Montesinos}, Benjamin},
       series = {Astronomical Society of the Pacific Conference Series},
       volume = {173},
        month = jan,
        pages = {297},
       adsurl = {https://ui.adsabs.harvard.edu/abs/1999ASPC..173..297P},
      adsnote = {Provided by the SAO/NASA Astrophysics Data System}
}

@ARTICLE{Mayor1995,
       author = {{Mayor}, Michel and {Queloz}, Didier},
        title = "{A Jupiter-mass companion to a solar-type star}",
      journal = {\nat},
         year = 1995,
        month = nov,
       volume = {378},
       number = {6555},
        pages = {355-359},
          doi = {10.1038/378355a0},
       adsurl = {https://ui.adsabs.harvard.edu/abs/1995Natur.378..355M},
      adsnote = {Provided by the SAO/NASA Astrophysics Data System}
}

@ARTICLE{Elsworth1994,
       author = {{Elsworth}, Y. and {Howe}, R. and {Isaak}, G.~R. and {McLeod}, C.~P. and {Miller}, B.~A. and {New}, R. and {Speake}, C.~C. and {Wheeler}, S.~J.},
        title = "{Solar Seismology - the Velocity Continuum Spectrum}",
      journal = {\mnras},
         year = 1994,
        month = aug,
       volume = {269},
        pages = {529},
          doi = {10.1093/mnras/269.3.529},
       adsurl = {https://ui.adsabs.harvard.edu/abs/1994MNRAS.269..529E},
      adsnote = {Provided by the SAO/NASA Astrophysics Data System}
}

@ARTICLE{Stathopoulou1993,
       author = {{Stathopoulou}, M. and {Alissandrakis}, C.~E.},
        title = "{A study of the asymmetry of Fe I lines in the solar spectrum}",
      journal = {\aap},
     keywords = {sun: photosphere of, lines: profile, sun: granulation},
         year = 1993,
        month = jul,
       volume = {274},
        pages = {555},
       adsurl = {https://ui.adsabs.harvard.edu/abs/1993A&A...274..555S},
      adsnote = {Provided by the SAO/NASA Astrophysics Data System}
}

@ARTICLE{Brandt1990,
       author = {{Brandt}, P.~N. and {Solanki}, S.~K.},
        title = "{Solar line asymmetries and the magnetic filling factor}",
      journal = {\aap},
     keywords = {Faculae, Line Spectra, Solar Magnetic Field, Solar Spectra, Stellar Magnetic Fields, Zeeman Effect, Line Shape, Magnetic Flux, Red Shift, Solar Physics},
         year = 1990,
        month = may,
       volume = {231},
       number = {1},
        pages = {221-234},
       adsurl = {https://ui.adsabs.harvard.edu/abs/1990A&A...231..221B},
      adsnote = {Provided by the SAO/NASA Astrophysics Data System}
}

@ARTICLE{Snodgrass1990,
       author = {{Snodgrass}, Herschel B. and {Ulrich}, Roger K.},
        title = "{Rotation of Doppler Features in the Solar Photosphere}",
      journal = {\apj},
     keywords = {Doppler Effect, Photosphere, Solar Atmosphere, Solar Rotation, Solar Granulation, Solar Limb, Velocity Distribution, Solar Physics, SUN: ROTATION},
         year = 1990,
        month = mar,
       volume = {351},
        pages = {309},
          doi = {10.1086/168467},
       adsurl = {https://ui.adsabs.harvard.edu/abs/1990ApJ...351..309S},
      adsnote = {Provided by the SAO/NASA Astrophysics Data System}
}

@ARTICLE{Cavallini1988,
       author = {{Cavallini}, F. and {Ceppatelli}, G. and {Righini}, A.},
        title = "{Profile variations of some photospheric lines as observed in active regions across the solar disk}",
      journal = {\aap},
     keywords = {Line Spectra, Photosphere, Solar Limb, Solar Magnetic Field, Solar Spectra, Convective Flow, Doppler Effect, Magnetic Field Configurations, Solar Activity, Solar Granulation, Solar Physics},
         year = 1988,
        month = oct,
       volume = {205},
       number = {1-2},
        pages = {278-288},
       adsurl = {https://ui.adsabs.harvard.edu/abs/1988A&A...205..278C},
      adsnote = {Provided by the SAO/NASA Astrophysics Data System}
}

@ARTICLE{Dravins1987a,
       author = {{Dravins}, D.},
        title = "{Stellar granulation. II. Stellar photospheric line asymmetries.}",
      journal = {\aap},
         year = 1987,
        month = jan,
       volume = {172},
        pages = {211-224},
       adsurl = {https://ui.adsabs.harvard.edu/abs/1987A&A...172..211D},
      adsnote = {Provided by the SAO/NASA Astrophysics Data System}
}

@ARTICLE{Dravins1987b,
       author = {{Dravins}, Dainis},
        title = "{Stellar granulation. I - The observability of stellar photospheric convection}",
      journal = {\aap},
     keywords = {Convection Currents, Photosphere, Solar Granulation, Spectral Line Width, Stellar Atmospheres, Stellar Spectrophotometry, Absorption Spectra, Line Shape, Radial Velocity, Sunlight, Astrophysics},
         year = 1987,
        month = jan,
       volume = {172},
       number = {1-2},
        pages = {200-224},
       adsurl = {https://ui.adsabs.harvard.edu/abs/1987A&A...172..200D},
      adsnote = {Provided by the SAO/NASA Astrophysics Data System}
}

@INPROCEEDINGS{Duvall1986,
       author = {{Duvall}, T.~L., Jr. and {Harvey}, J.~W.},
        title = "{Solar Doppler shifts: sources of continuous spectra.}",
     keywords = {Continuous Spectra, Doppler Effect, Solar Oscillations, Solar Spectra, Convection Currents, Power Spectra, Signal To Noise Ratios, Solar Granulation, Solar Rotation, Solar Physics, Solar Oscillations:Solar Spectrum, Solar Spectrum:Solar Oscillations},
    booktitle = {Seismology of the Sun and the Distant Stars},
         year = 1986,
       editor = {{Gough}, Douglas O.},
       series = {NATO Advanced Study Institute (ASI) Series C},
       volume = {169},
        month = jan,
        pages = {105-116},
       adsurl = {https://ui.adsabs.harvard.edu/abs/1986ASIC..169..105D},
      adsnote = {Provided by the SAO/NASA Astrophysics Data System}
}

@INPROCEEDINGS{Harvey1985,
       author = {{Harvey}, J.},
        title = "{High-Resolution Helioseismology}",
     keywords = {Helioseismology, Soho Mission, Solar Oscillations, Solar Physics, Solar Interior, Solar Observatories, Solar Spectra, Spaceborne Astronomy, Spectral Resolution, Solar Physics},
    booktitle = {Future Missions in Solar, Heliospheric \& Space Plasma Physics},
         year = 1985,
       editor = {{Rolfe}, Erica and {Battrick}, Bruce},
       series = {ESA Special Publication},
       volume = {235},
        month = jun,
        pages = {199},
       adsurl = {https://ui.adsabs.harvard.edu/abs/1985ESASP.235..199H},
      adsnote = {Provided by the SAO/NASA Astrophysics Data System}
}

@ARTICLE{Wilson1968,
       author = {{Wilson}, O.~C.},
        title = "{Flux Measurements at the Centers of Stellar H- and K-Lines}",
      journal = {\apj},
         year = 1968,
        month = jul,
       volume = {153},
        pages = {221},
          doi = {10.1086/149652},
       adsurl = {https://ui.adsabs.harvard.edu/abs/1968ApJ...153..221W},
      adsnote = {Provided by the SAO/NASA Astrophysics Data System}
}

@ARTICLE{Kopal1950,
       author = {{Kopal}, Zdenek},
        title = "{Detailed effects of limb darkening upon light and velocity curves of close binary systems}",
      journal = {Harvard College Observatory Circular},
         year = 1950,
        month = jan,
       volume = {454},
        pages = {1-12},
       adsurl = {https://ui.adsabs.harvard.edu/abs/1950HarCi.454....1K},
      adsnote = {Provided by the SAO/NASA Astrophysics Data System}
}

