@Misc{NISTASD,
author = {A.~Kramida and {Yu.~Ralchenko} and
J.~Reader and {and NIST ASD Team}},
HOWPUBLISHED = {{NIST Atomic Spectra Database
(ver. 5.8), [Online]. Available:
{\tt{https://physics.nist.gov/asd}} [2021, April 13].
National Institute of Standards and Technology,
Gaithersburg, MD.}},
year = {2020},
}

@software{EchelleCCFs,
  author       = {Eric Ford and
                  Alex Wise and
                  Michael Palumbo},
  title        = {RvSpectML/EchelleCCFs.jl: v0.1.11},
  month        = mar,
  year         = 2021,
  publisher    = {Zenodo},
  version      = {v0.1.11},
  doi          = {10.5281/zenodo.4593963},
  url          = {https://doi.org/10.5281/zenodo.4593963}
}

@software{GRASS,
  author       = {Palumbo, Michael L. and
                  Ford, Eric B. and
                  Wright, Jason T. and
                  Mahadevan, Suvrath and
                  Wise, Alexander W. and
                  Lohner-Bottcher, Johannes},
  title        = {GRASS},
  month        = sep,
  year         = 2021,
  note         = {If you use this software, please cite it as below.},
  publisher    = {Zenodo},
  version      = {1.0.0},
  doi          = {10.5281/zenodo.5512775},
  url          = {https://doi.org/10.5281/zenodo.5512775}
}